<collection xmlns="http://www.loc.gov/MARC21/slim"><record><leader>00950nam  2200301   450</leader><controlfield tag="001">577</controlfield><controlfield tag="003">http://montalegre.opacnet.com/OPAC/default.aspx?ContentAreaControl=ShowRegHoldings.ascx&amp;RegNo=16662</controlfield><controlfield tag="005">20</controlfield><datafield tag="010" ind1=" " ind2=" "><subfield code="a">972-46-0601-5</subfield></datafield><datafield tag="021" ind1=" " ind2=" "><subfield code="a">PT</subfield><subfield code="b">64862/93</subfield></datafield><datafield tag="100" ind1=" " ind2=" "><subfield code="a">20001026d2000    m  y0pory010305  ba</subfield></datafield><datafield tag="101" ind1="0" ind2=" "><subfield code="a">por</subfield></datafield><datafield tag="102" ind1=" " ind2=" "><subfield code="a">PT</subfield></datafield><datafield tag="105" ind1=" " ind2=" "><subfield code="a">y   f   001fy</subfield></datafield><datafield tag="200" ind1="1" ind2=" "><subfield code="a">Contos de Gostofrio e Lamalonga</subfield><subfield code="f">Bento da Cruz</subfield></datafield><datafield tag="210" ind1=" " ind2=" "><subfield code="a">Lisboa</subfield><subfield code="c">Notícias</subfield><subfield code="d">1993</subfield></datafield><datafield tag="215" ind1=" " ind2=" "><subfield code="a">197 p.</subfield><subfield code="d">22cm</subfield></datafield><datafield tag="225" ind1="2" ind2=" "><subfield code="a">Obras de Bento da Cruz</subfield></datafield><datafield tag="608" ind1=" " ind2=" "><subfield code="a">Contos</subfield></datafield><datafield tag="675" ind1=" " ind2=" "><subfield code="a">82-34(469.202)</subfield><subfield code="v">BN</subfield><subfield code="z">por</subfield></datafield><datafield tag="700" ind1=" " ind2="1"><subfield code="a">Cruz</subfield><subfield code="b">Bento da</subfield><subfield code="f">1925-</subfield></datafield><datafield tag="801" ind1=" " ind2="0"><subfield code="a">PT</subfield><subfield code="b">Biblioteca Municipal de Montalegre</subfield><subfield code="g">RPC</subfield></datafield><datafield tag="856" ind1=" " ind2=" "><subfield code="u">locateMedia.asp?cod=20060518150708&amp;ext=jpg</subfield><subfield code="z">CAPA</subfield></datafield><datafield tag="909" ind1="&#9;" ind2=" "><subfield code="a">6</subfield></datafield><datafield tag="966" ind1=" " ind2=" "><subfield code="a">0015878</subfield><subfield code="l">BMM</subfield><subfield code="s">SCG 82-34(469.202) CRU con</subfield></datafield><datafield tag="966" ind1=" " ind2=" "><subfield code="a">1000122</subfield><subfield code="l">BEM</subfield><subfield code="s">BEM 82-34 CRU</subfield></datafield><datafield tag="966" ind1=" " ind2=" "><subfield code="a">1000121</subfield><subfield code="l">BEM</subfield><subfield code="s">BEM 82-34 CRU</subfield></datafield><datafield tag="966" ind1=" " ind2=" "><subfield code="a">1000123</subfield><subfield code="l">BEM</subfield><subfield code="s">BEM 82-34 CRU</subfield></datafield><datafield tag="966" ind1=" " ind2=" "><subfield code="a">1000120</subfield><subfield code="l">BEM</subfield><subfield code="s">BEM 82-34 CRU</subfield></datafield><datafield tag="966" ind1=" " ind2=" "><subfield code="a">1000124</subfield><subfield code="l">BEM</subfield><subfield code="s">BEM 82-34 CRU</subfield></datafield></record></collection>